@inproceedings{abboud2014popular,
  title={Popular conjectures imply strong lower bounds for dynamic problems},
  author={Abboud, Amir and Williams, Virginia Vassilevska},
  booktitle={Foundations of Computer Science (FOCS), 2014 IEEE 55th Annual Symposium on},
  pages={434--443},
  year={2014},
  organization={IEEE}
}

@INPROCEEDINGS{715896, 
author={R. E. Tarjan and U. Vishkin}, 
booktitle={25th Annual Symposium onFoundations of Computer Science, 1984.}, 
title={Finding biconnected componemts and computing tree functions in logarithmic parallel time}, 
year={1984}, 
volume={}, 
number={}, 
pages={12-20}, 
keywords={parallel graph algorithm, biconnected components, blocks, spanning tree;Computational modeling;Computer science;Concurrent computing;Parallel algorithms;Phase change random access memory;Random access memory;Read-write memory;Tree graphs;US Department of Energy;Writing}, 
doi={10.1109/SFCS.1984.715896}, 
ISSN={0272-5428}, 
month={Oct},}

@inproceedings{Henzinger:1995:RDG:225058.225269,
 author = {Henzinger, Monika Rauch and King, Valerie},
 title = {Randomized Dynamic Graph Algorithms with Polylogarithmic Time Per Operation},
 booktitle = {Proceedings of the Twenty-seventh Annual ACM Symposium on Theory of Computing},
 series = {STOC '95},
 year = {1995},
 isbn = {0-89791-718-9},
 location = {Las Vegas, Nevada, USA},
 pages = {519--527},
 numpages = {9},
 url = {http://doi.acm.org/10.1145/225058.225269},
 doi = {10.1145/225058.225269},
 acmid = {225269},
 publisher = {ACM},
 address = {New York, NY, USA},
} 

@article{Sleator:1985:SBS:3828.3835,
 author = {Sleator, Daniel Dominic and Tarjan, Robert Endre},
 title = {Self-adjusting Binary Search Trees},
 journal = {J. ACM},
 issue_date = {July 1985},
 volume = {32},
 number = {3},
 month = jul,
 year = {1985},
 issn = {0004-5411},
 pages = {652--686},
 numpages = {35},
 url = {http://doi.acm.org/10.1145/3828.3835},
 doi = {10.1145/3828.3835},
 acmid = {3835},
 publisher = {ACM},
 address = {New York, NY, USA},
} 

@article{article,
author = {Gibb, David and Kapron, Bruce and King, Valerie and Thorn, Nolan},
year = {2015},
month = {09},
pages = {},
title = {Dynamic graph connectivity with improved worst case update time and sublinear space}
}

%@article{hinton2006fast,
%  title={A fast learning algorithm for deep belief nets},
%  author={Hinton, Geoffrey E and Osindero, Simon and Teh, Yee-Whye},
%  journal={Neural computation},
%  volume={18},
%  number={7},
%  pages={1527--1554},
%  year={2006},
%  publisher={MIT Press}
%}
%
%@incollection{bottou2010large,
%  title={Large-scale machine learning with stochastic gradient descent},
%  author={Bottou, L{\'e}on},
%  booktitle={Proceedings of COMPSTAT'2010},
%  pages={177--186},
%  year={2010},
%  publisher={Springer}
%}
%
%@incollection{lecun2012efficient,
%  title={Efficient backprop},
%  author={LeCun, Yann A and Bottou, L{\'e}on and Orr, Genevieve B and M{\"u}ller, Klaus-Robert},
%  booktitle={Neural networks: Tricks of the trade},
%  pages={9--48},
%  year={2012},
%  publisher={Springer}
%}
%
%@inproceedings{ioffe2015batch,
%  title={Batch normalization: Accelerating deep network training by reducing internal covariate shift},
%  author={Ioffe, Sergey and Szegedy, Christian},
%  booktitle={International Conference on Machine Learning},
%  pages={448--456},
%  year={2015}
%}
%
%@article{hinton2012improving,
%  title={Improving neural networks by preventing co-adaptation of feature detectors},
%  author={Hinton, Geoffrey E and Srivastava, Nitish and Krizhevsky, Alex and Sutskever, Ilya and Salakhutdinov, Ruslan R},
%  journal={arXiv preprint arXiv:1207.0580},
%  year={2012}
%}
%
%@article{srivastava2014dropout,
%  title={Dropout: a simple way to prevent neural networks from overfitting.},
%  author={Srivastava, Nitish and Hinton, Geoffrey E and Krizhevsky, Alex and Sutskever, Ilya and Salakhutdinov, Ruslan},
%  journal={Journal of machine learning research},
%  volume={15},
%  number={1},
%  pages={1929--1958},
%  year={2014}
%}
%
%@inproceedings{krizhevsky2012imagenet,
%  title={Imagenet classification with deep convolutional neural networks},
%  author={Krizhevsky, Alex and Sutskever, Ilya and Hinton, Geoffrey E},
%  booktitle={Advances in neural information processing systems},
%  pages={1097--1105},
%  year={2012}
%}